0740000000459893203       Shoptet, a.s.18012200000000000000+00000000003130+00000000056800-00000000005800+007180122              
0750000000459893203000000000000000006186319198240000000001002202200005900000000000000000000130122Payment             00000130122
0750000000459893203000000000000000004060399501720000000005002202200006000000000000000000000130122Payment             00000130122
0750000000459893203000000000000000007004473496790000000005002202200006100000000000000000000130122Payment             00000130122
0750000000459893203000000000000000006988512456360000000005002202200006200000000000000000000130122Payment             00000130122
0750000000459893203000000000000000003439766745520000000005002202200006300000000000000000000130122Payment             00000130122
0750000000459893203000000000000000002442510884610000000001002202200006400000000000000000000130122Payment             00000130122
0750000000459893203000000000000000001064586994890000000001002202200006500000000000000000000130122Payment             00000130122
0750000000459893203000000000000000008739707492420000000001002202200006700000000000000000000130122Payment             00000130122
0750000000459893203000000000000000002924010596850000000001002202200006800000000000000000000130122Payment             00000130122
0750000000459893203000000000000000004881856728490000000510002202200006900000000000000000000130122Payment             00000130122
0750000000459893203000000000000000002300762826500000000510001202200006900000000000000000000130122Refund              00000130122
0750000000459893203000000000000000002201685458940000000001002202200007000000000000000000000130122Payment             00000130122
0750000000459893203000000000000000002727438764270000000001002202200007100000000000000000000130122Payment             00000130122
0750000000459893203000000000000000004296186742400000000001002202200007200000000000000000000130122Payment             00000130122
0750000000459893203000000000000000005234316274880000000001002202200007300000000000000000000130122Payment             00000130122
0750000000459893203000000000000000009064617613890000000001002202200007500000000000000000000130122Payment             00000130122
0750000000459893203000000000000000001154134694240000000001002202200007400000000000000000000130122Payment             00000130122
0750000000459893203000000000000000009397280531930000000001002202200007600000000000000000000130122Payment             00000130122
0750000000459893203000000000000000006843155458880000000001002202200007800000000000000000000130122Payment             00000130122
0750000000459893203000000000000000008919997417370000000001002202200007700000000000000000000130122Payment             00000130122
0750000000459893203000000000000000004980107038220000000001002202200007900000000000000000000130122Payment             00000130122
0750000000459893203000000000000000007876606535970000000005002202200008000000000000000000000130122Payment             00000130122
0750000000459893203000000000000000002056251033260000000001002202200008100000000000000000000130122Payment             00000130122
0750000000459893203000000000000000002689371641120000000005002202200008200000000000000000000130122Payment             00000130122
0750000000459893203000000000000000006644370927240000000005002202200008300000000000000000000130122Payment             00000130122
0750000000459893203000000000000000005711428067770000000001002202200008400000000000000000000130122Payment             00000130122
0750000000459893203000000000000000004588673757880000000001002202200008600000000000000000000130122Payment             00000130122
0750000000459893203000000000000000001794109461670000000001002202200008500000000000000000000130122Payment             00000130122
0750000000459893203000000000000000003146326564970000000001002202200008800000000000000000000130122Payment             00000130122
0750000000459893203000000000000000003906434482090000000001002202200008900000000000000000000130122Payment             00000130122
0750000000459893203000000000000000008120163252450000000001002202200009100000000000000000000130122Payment             00000130122
0750000000459893203000000000000000006557345213640000000001002202200009300000000000000000000130122Payment             00000130122
0750000000459893203271942224201972204932747805330000000058001000000000000000000000000000000150122Payout              00000150122
